<?xml version="1.0" encoding="UTF-8"?><collection xmlns="http://www.loc.gov/MARC21/slim"><record><leader>00458nam--2200133-i-4500</leader><controlfield tag="001">000020133</controlfield><controlfield tag="002">20161230</controlfield><controlfield tag="005">20161230201033</controlfield><controlfield tag="008">060222s1000------------r-----000-0-eng-d</controlfield><datafield ind1=" " ind2=" " tag="080"><subfield code="a">538.915(061.3):538.935(061.3)</subfield></datafield><datafield ind1=" " ind2=" " tag="245"><subfield code="a">The fermi surface.proceedings of an international conference held at cooperstown, new york, on aug. 22-24, 1960</subfield></datafield><datafield ind1=" " ind2=" " tag="260"><subfield code="a">New York, John Wiley &amp; Sons, Inc., 1960. Xvi + 356 P</subfield></datafield><datafield ind1=" " ind2=" " tag="700"><subfield code="a">Harrison, W. A., Webb, M. B</subfield></datafield><datafield ind1=" " ind2=" " tag="852"><subfield code="a">13502</subfield></datafield></record></collection>